<?xml version="1.0" encoding="UTF-8"?><collection xmlns="http://www.loc.gov/MARC21/slim"><record><leader>00437nam--2200169-i-4500</leader><controlfield tag="001">000039903</controlfield><controlfield tag="002">20161230</controlfield><controlfield tag="005">20161230201042</controlfield><controlfield tag="008">060222s1000------------r-----000-0-eng-d</controlfield><datafield ind1=" " ind2=" " tag="040"><subfield code="a">IFIN-HH</subfield></datafield><datafield ind1=" " ind2=" " tag="080"><subfield code="a">530.161</subfield></datafield><datafield ind1="1" ind2=" " tag="100"><subfield code="a">Ruelle,David</subfield></datafield><datafield ind1="1" ind2="0" tag="245"><subfield code="a">Statistical mechanics</subfield><subfield code="b">Rigorous results</subfield><subfield code="c">David Ruelle</subfield></datafield><datafield ind1=" " ind2=" " tag="260"><subfield code="a">New York,W.A.Benjamin, Inc.,1969</subfield></datafield><datafield ind1=" " ind2=" " tag="300"><subfield code="a">XI + 219 P</subfield></datafield><datafield ind1=" " ind2=" " tag="852"><subfield code="a">32728</subfield><subfield code="c">531</subfield></datafield><datafield ind1=" " ind2=" " tag="CAT"><subfield code="a">Sys</subfield><subfield code="c">20100623</subfield><subfield code="h">142730</subfield></datafield></record></collection>